 @misc{afetbilgi, title={AFET Bilgi}, url={https://www.afetbilgi.com/}, journal={Afet Bilgi}} 
